% This file was created with JabRef 2.7b.
% Encoding: UTF8
@INPROCEEDINGS{rw06gp,
	author = {Carl Edward Rasmussen},
	title = {Gaussian processes for machine learning},
	booktitle = {},
	year = {2006},
	publisher = {MIT Press}
}