% This file was created with JabRef 2.9.2.
% Encoding: UTF-8

@INPROCEEDINGS{kim11,
  author = {JooSeuk Kim and Clayton D. Scott},
  title = {On the Robustness of Kernel Density M-Estimators},
  booktitle = {ICML},
  year = {2011},
  pages = {697-704},
  bibsource = {DBLP, http://dblp.uni-trier.de},
  crossref = {DBLP:conf/icml/2011}
}

@INPROCEEDINGS{horn01,
  author = {Ben-Hur, A. and Horn, D. and Siegelmann, H.T. and Vapnik, V.},
  title = {A support vector clustering method},
  booktitle = {Pattern Recognition, 2000. Proceedings. 15th International Conference
	on},
  year = {2000},
  volume = {2},
  pages = {724-727 vol.2},
  doi = {10.1109/ICPR.2000.906177},
  issn = {1051-4651},
  keywords = {learning automata;pattern clustering;cluster boundaries;complex geometric
	shapes;data clustering;data point projection;data space;geometric
	representation;high-dimensional feature space;support vector clustering
	method;support vector machines;Clustering algorithms;Clustering methods;Engineering
	management;Industrial engineering;Kernel;Lagrangian functions;Physics;Shape;Support
	vector machine classification;Support vector machines}
}

@INPROCEEDINGS{som09cao,
  author = {{Cao}, Y. and {He}, H. and {Man}, H. and {Shen}, X.},
  title = {Integration of Self-Organizing Map (SOM) and Kernel Density Estimation
	(KDE) for network intrusion detection},
  booktitle = {Society of Photo-Optical Instrumentation Engineers (SPIE) Conference
	Series},
  year = {2009},
  volume = {7480},
  series = {Society of Photo-Optical Instrumentation Engineers (SPIE) Conference
	Series},
  month = sep,
  adsnote = {Provided by the SAO/NASA Astrophysics Data System},
  adsurl = {http://adsabs.harvard.edu/abs/2009SPIE.7480E..13C},
  doi = {10.1117/12.834890}
}

@ARTICLE{filipp08,
  author = {Maurizio Filippone and Francesco Camastra and Francesco Masulli and
	Stefano Rovetta},
  title = {A survey of kernel and spectral methods for clustering},
  journal = {Pattern Recognition},
  year = {2008},
  volume = {41},
  pages = {176 - 190},
  number = {1},
  doi = {10.1016/j.patcog.2007.05.018},
  issn = {0031-3203},
  keywords = {Partitional clustering},
  url = {http://www.sciencedirect.com/science/article/pii/S0031320307002580}
}

@BOOK{irBookManning,
  title = {Introduction to Information Retrieval},
  publisher = {Cambridge University Press},
  year = {2008},
  author = {Manning, Christopher D. and Raghavan, Prabhakar and Sch\"{u}tze,
	Hinrich},
  pages = {356Ôºç360},
  address = {New York, NY, USA},
  isbn = {0521865719, 9780521865715}
}

@ARTICLE{park09,
  author = {Hae-Sang Park and Chi-Hyuck Jun},
  title = {A simple and fast algorithm for K-medoids clustering},
  journal = {Expert Systems with Applications},
  year = {2009},
  volume = {36},
  pages = {3336 - 3341},
  number = {2, Part 2},
  doi = {10.1016/j.eswa.2008.01.039},
  issn = {0957-4174},
  keywords = {Clustering},
  url = {http://www.sciencedirect.com/science/article/pii/S095741740800081X}
}

@MISC{Weston98densityestimation,
  author = {J. Weston and A. Gammerman and M. Stitson and V. Vapnik and V. Vovk
	and C. Watkins},
  title = {Density Estimation using Support Vector Machines},
  year = {1998}
}

